1731 3026
661 171 951 218 ψ
1405 194 1508 243 217.

302 299 433 367 Meffis·
474 312 655 362 tempus,
714 322 797 362 quo
828 308 974 350 fruetus
1007 308 1120 362 plane
1160 315 1334 351 maturus
1371 311 1507 366 colligi

438 373 574 426 potest.

237 475 273 505 c.
306 463 338 502 Ε
351 476 376 504 x
393 477 413 506 s
428 475 455 505 o
473 476 498 504 ι
511 479 535 505 Α
549 479 580 505 τ
595 479 611 506 1
628 477 654 505 o
671 478 704 505 N
722 478 739 506 1
756 478 774 506 s
811 475 964 518 tempus
980 496 990 514 ,
1011 465 1267 517 autumnale,
1301 482 1381 520 quo
1402 470 1507 522 plan·

436 538 496 571 tae
535 547 582 572 ex
620 532 702 573 solo
750 531 791 572 in
827 528 955 574 solum
1003 533 1184 575 facillime
1240 538 1508 589 transplantari

440 600 609 651 possunt.

301 664 593 726 ,Defoliationis
627 677 804 721 ternpus,
832 667 1088 726 autumnale,
1124 685 1203 724 quo
1236 673 1388 725 plantae
1418 672 1510 729 folia

439 735 631 786 dijiciunt.

305 800 600 864 Congelatiom‘s
624 813 776 856 ternpus
790 833 800 851 ,
821 803 1054 848 autumnale
1081 805 1121 846 in
1146 807 1368 848 borealibus
1388 819 1425 849 et
1448 824 1512 850 an-

441 871 624 921 tarfficis,
663 885 742 925 quo
761 871 934 924 primum
957 889 1054 927 aqua
1077 877 1275 928 congelat.

242 957 282 1001 d.
303 960 414 1001 BRu
431 975 467 1003 M
482 977 506 1003 Α
522 977 544 1002 E
581 961 633 1001 est
662 970 817 1014 tempus
848 963 1050 1015 hyemale,
1086 979 1167 1018 quo
1189 967 1341 1018 plantae
1373 981 1512 1007 omnes

443 1044 634 1082 perennes
666 1039 704 1070 et
726 1030 889 1071 biennes
934 1034 986 1072 ob
1018 1032 1142 1087 frigus
1173 1034 1216 1074 in
1249 1035 1512 1090 hybernacula

443 1096 518 1137 sese
542 1097 750 1150 recipiunt.

312 1160 484 1213 Glaciei,
521 1174 674 1218 tempus
698 1166 852 1219 hyemis
872 1167 1023 1207 adultae
1045 1178 1082 1208 et
1101 1167 1281 1222 vigentis.

307 1229 579 1292 Regelationis
602 1243 776 1285 tempus,
810 1248 890 1287 quo
919 1234 997 1274 sole
1030 1236 1218 1276 redeunte
1250 1252 1271 1278 a
1298 1236 1420 1292 tropis
1449 1235 1515 1280 fri-

290 1296 292 1301 *
443 1314 516 1353 gus
541 1300 743 1355 mitigatur
766 1312 804 1342 et
823 1302 987 1343 flumina
1008 1305 1246 1357 regelantur.

108 1407 164 1450 D.
200 1408 739 1458 HOROLOGIUM.

246 1513 286 1544 a.
321 1500 360 1544 V
377 1515 394 1542 1
412 1513 440 1542 G
457 1515 473 1543 1
489 1515 514 1542 1.
528 1516 545 1542 1
562 1516 585 1543 A
602 1518 624 1544 E
640 1532 651 1551 ,
682 1502 960 1545 determinatae
984 1504 1104 1545 horae
1129 1504 1218 1554 diei,
1235 1506 1388 1568 ¹quibu‘s
1409 1509 1518 1561 plan-

446 1577 503 1610 tae
535 1571 649 1610 flores
682 1571 859 1624 quotidie
890 1572 1140 1626 aperiuntur,
1179 1576 1456 1628 expanduntur
1480 1585 1518 1618 et

447 1638 698 1681 clauduntur.

315 1712 566 1757 Meteoriaac
594 1715 685 1756 sunt
717 1717 883 1768 florum,
914 1717 983 1769 qui
1012 1717 1144 1760 minus
1181 1718 1360 1760 adcurate
1391 1720 1522 1762 obser.

451 1792 542 1823 vant
569 1783 704 1825 horam
735 1785 1035 1838 explicationis,
1080 1786 1144 1826 sed
1172 1785 1279 1839 prius
1313 1790 1372 1828 vel
1398 1789 1518 1830 serius

450 1850 680 1903 aperiuntur
698 1868 770 1906 pro
793 1854 940 1894 ratione
954 1855 1140 1902 Umbrae,
1166 1854 1274 1895 Aeris
1293 1856 1446 1897 humidi
1461 1859 1521 1898 vel

447 1918 549 1969 ficei,
571 1921 762 1974 preffione
783 1921 1070 1974 atmosphaerae
1094 1919 1239 1981 majore
1262 1932 1328 1964 aut
1350 1923 1519 1971 minore,

322 1992 543 2050 Tropicas‘,
575 1996 717 2037 florum
749 1996 1006 2049 aperientium
1035 1997 1110 2039 sese
1137 2013 1250 2040 mane
1271 2008 1310 2040 et
1338 2001 1521 2043 clauden-

453 2061 552 2102 tium
576 2074 663 2104 ante
687 2064 915 2117 Vesperam,
935 2067 1029 2106 bora
1050 2066 1318 2120 explicationis
1343 2077 1382 2108 et
1404 2072 1525 2112 reclu-

455 2129 594 2181 fioni·‚
629 2142 748 2185 prout
767 2133 849 2174 dies
868 2135 927 2175 vel
952 2133 1193 2176 incrementa
1221 2137 1279 2176 vel
1300 2136 1522 2179 decremen-

456 2206 492 2239 ta
525 2198 641 2253 capit.

319 2274 664 2338 Aequinoc‘liales,
695 2279 836 2319 florum
861 2277 931 2331 qui
951 2279 1180 2331 aperiuntur
1211 2289 1249 2322 et
1268 2283 1524 2341 recluduntur

457 2356 557 2385 certa
577 2357 615 2386 et
637 2346 827 2402 constanti
850 2346 927 2387 diei
947 2347 1065 2397 hora,
1100 2363 1175 2391 nec
1205 2351 1414 2392 turbantur
1431 2351 1524 2410 *diei

456 2411 700 2455 incremento
723 2417 782 2478 uel
805 2415 1067 2458 decremento.

254 2497 548 2546 b.HoRAffi

324 2578 574 2633 Apertionis.

320 2644 573 2707 Reclufionis.

797 2762 835 2802 Ο
874 2772 898 2814 5
1369 2765 1525 2810 ΕΞΟ,
