1731 3026
226 232 655 283 Adumbrationibus
699 233 889 291 Avium,
944 234 1134 282 Piscium
1171 242 1216 281 et
1258 234 1514 287 Plantarum
1562 236 1631 284 in·

226 306 441 352 servitura
484 303 650 362 collegi
686 317 711 348 e
748 304 901 362 magni
935 302 1111 367 Equitis
1146 318 1172 348 a
1207 304 1402 349 Lunna
1437 305 1624 362 scriptis5

225 384 269 419 et
304 374 356 417 ad
393 385 493 417 eam
537 373 759 417 rationem
793 371 1007 429 disposui,
1056 379 1106 416 ut
1148 385 1240 415 uno
1284 369 1423 417 veluti
1464 370 1626 426 obtutu

225 439 391 498 possem
411 439 660 484 discernere
687 453 760 493 ea,
782 453 913 500 quae
947 439 993 484 in
1020 427 1204 482 animali
1225 436 1430 494 plant-ave
1470 439 1626 489 descri-

225 509 366 554 benda
396 505 607 564 primaria
642 503 941 561 sunt,s1mul
977 513 1022 551 et
1059 503 1275 550 vocabula
1318 506 1365 550 in
1395 504 1628 553 adumbra·
1681 528 1685 532 -

223 573 420 622 tionibus
454 572 508 620 ab
543 574 707 635 Equite
749 588 778 618 a
813 575 1037 628 Lxxxx-2,
1088 571 1273 635 ejusque
1303 573 1525 631 discipulis
1557 570 1629 625 ad·
1683 605 1687 610 -

202 642 363 690 vhibita
394 641 517 686 illico
553 644 611 686 ad
655 656 836 692 mamm,
885 655 1032 703 neque
1075 641 1152 685 diu
1186 642 1438 702 quaerenda
1467 640 1626 697 essent;

225 719 452 771 praeterea
487 717 532 753 et
566 709 842 765 addideram,
883 723 974 770 quo
1004 707 1129 768 sensu
1164 710 1521 771 unumquodque
1550 723 1628 754 vo-

223 777 431 825 cabulum
452 777 498 822 in
524 777 643 822 hisce
662 773 1076 822 adumbrationibus
1097 772 1299 820 adhiberi
1321 775 1458 833 solet;
1492 790 1549 822 ne
1577 777 1625 823 in

222 849 427 893 futurum
471 846 514 889 id
555 845 778 902 imprimis
818 859 995 889 moram
1034 843 1202 888 faceret
1222 844 1301 898 iis
1349 844 1427 905 qui
1459 843 1506 889 in
1535 845 1626 890 hoc

222 914 364 959 studio
411 913 611 957 nondum
666 911 767 957 satis
816 911 974 956 versati
1018 911 1130 956 sunt.
1234 908 1394 957 Mense
1440 926 1624 975 quoque

219 982 392 1042 Martio
422 981 540 1025 Anni
571 981 941 1025 MDCCLXXIV.
975 979 1191 1024 terminos
1234 987 1280 1024 et
1310 993 1520 1054 normam
1550 979 1626 1027 ad

218 1048 517 1096 umbrationis
549 1064 630 1106 pro
663 1044 840 1092 Inseffis
878 1043 1083 1104 congessi.

353 1117 441 1161 His
474 1117 611 1174 igitur
643 1116 801 1160 deinde
831 1115 927 1160 sum
958 1113 1059 1159 usus
1091 1112 1268 1159 auxiliis
1299 1114 1346 1175 in
1376 1061 1624 1162 describen-

220 1187 285 1231 dis
319 1182 582 1229 animalibus
625 1192 671 1228 et
715 1181 878 1240 plantis
932 1183 986 1227 ad
1021 1196 1226 1233 normam
1256 1186 1377 1228 artis.
1409 1177 1414 1184 ‘
1478 1181 1623 1229 Simul

221 1264 266 1299 et
299 1265 506 1309 expertus
539 1251 667 1313 sum,
722 1261 938 1314 quantum
983 1251 1300 1307 compendium
1345 1246 1511 1296 laboris
1553 1259 1622 1301 et

219 1321 434 1378 temporis
458 1321 619 1364 haecce
642 1317 851 1376 opuscula
884 1318 996 1362 mihi
1017 1315 1440 1364 subministraverint
1469 1319 1623 1377 impri-

219 1390 304 1434 mis
340 1388 386 1432 in
420 1384 760 1432 adumbratione
795 1384 1071 1431 animalium.
1158 1386 1283 1430 Hinc
1308 1401 1448 1448 quum
1488 1387 1620 1432 hasce

217 1455 386 1515 opellas
416 1456 461 1499 in
495 1455 724 1511 Europam
746 1456 886 1498 redux
922 1467 1013 1498 non
1047 1454 1359 1508 rarotamicis‚
1397 1452 1620 1511 discipulis

219 1534 263 1570 et
287 1522 384 1569 aliis
423 1521 752 1577 monstraffem,
800 1519 950 1578 plures
994 1534 1068 1564 me
1110 1529 1318 1573 orarunt,
1362 1530 1411 1565 ut
1441 1535 1512 1565 eas
1542 1536 1620 1578 pu·

217 1590 323 1637 blici
352 1591 547 1635 facerem
581 1589 716 1644 iuris;
759 1591 864 1649 quia
893 1602 1047 1632 earum
1082 1602 1166 1645 ope
1188 1586 1379 1632 studium
1411 1588 1620 1634 historiae

217 1657 428 1705 naturalis
470 1671 742 1715 magnopere
771 1653 1002 1713 sperabant
1033 1656 1290 1712 promoveri
1319 1654 1449 1713 posse.
1533 1658 1620 1703 Ita-

216 1742 306 1790 que
354 1727 460 1770 dum
502 1734 547 1769 et
581 1724 666 1767 Vir
704 1722 911 1768 honestus
956 1720 1227 1780 Bibli'opola¹
1257 1723 1376 1768 idem
1421 1723 1618 1776 sentiret,
1652 1772 1660 1776 ,

215 1810 307 1841 non
338 1791 545 1838 haesitavi
574 1790 759 1836 utilitati
795 1790 998 1847 publicae
1025 1790 1236 1836 inservire
1270 1800 1313 1836 et
1346 1793 1476 1837 hasce
1497 1791 1618 1850 opel-

214 1861 279 1907 las
311 1859 438 1919 prelo
473 1857 702 1922 subjicere.
773 1860 904 1903 Haec
945 1859 1084 1916 igitur
1115 1861 1168 1903 de
1207 1858 1381 1916 origine
1411 1868 1454 1904 et
1491 1875 1617 1906 occa-

213 1928 334 1976 sione
381 1929 537 1987 edendi
566 1924 705 1971 libelli
738 1926 929 1984 praefari
959 1925 1104 1982 volui,
1150 1934 1201 1971 ut
1237 1924 1446 1972 LeE’cores
1483 1926 1617 1991 aequi

212 1999 318 2043 inde
351 1983 596 2058 dijudicare
629 1993 822 2052 possent,
856 1993 1040 2070 hujusce
1075 1992 1249 2051 opellae
1288 1993 1528 2041 utilitatem
1558 1996 1616 2041 ad
1651 2031 1657 2034 -

211 2064 462 2112 faciliorem
496 2061 623 2107 studii
657 2071 842 2107 naturae
869 2063 989 2107 viam
1028 2063 1306 2119 pandendam
1340 2064 1616 2120 experientia

178 2183 180 2185 ,
211 2134 369 2196 utique
401 2128 741 2188 comprobatam
774 2128 869 2175 esse.
1586 2177 1599 2209 .

346 2201 588 2244 Praevideo
621 2206 850 2256 praeterea
877 2198 978 2242 fore
1012 2198 1256 2260 quosdam,
1294 2193 1454 2260 quibus
1475 2211 1612 2245 omne

209 2268 299 2314 hoc
343 2283 483 2326 genus
537 2265 754 2311 scribendi
819 2267 966 2310 minus
1014 2266 1232 2322 arriserit5
1277 2265 1444 2311 scilicet
1489 2268 1612 2328 quod

207 2334 396 2382 barbara
422 2332 639 2380 vocabula
661 2334 912 2384 contineat,
931 2332 1020 2383 .·vel
1051 2334 1184 2378 etiam
1210 2336 1330 2395 quod
1361 2332 1500 2378 latino
1526 2334 1612 2380 ser-

207 2402 344 2449 mone
383 2401 433 2448 fit
472 2400 695 2460 publicata
740 2401 888 2446 nostra
922 2400 1248 2458 scriptiuncula.
1279 2432 1281 2434 -
1320 2400 1413 2446 Illis
1443 2402 1487 2445 id
1518 2409 1612 2447 tana

206 2481 303 2516 tum
343 2485 557 2529 reponam
577 2505 589 2524 ,
642 2470 792 2528 magni
827 2473 863 2513 L
877 2487 894 2513 1
907 2487 940 2515 N
953 2487 985 2514 N
998 2487 1023 2513 A
1036 2487 1059 2514 ε
1073 2486 1089 2512 1
1119 2469 1276 2526 scripta
1318 2484 1342 2514 a
1374 2466 1626 2531 tyronibus

203 2537 275 2584 vel
312 2536 401 2584 fine
435 2538 693 2600 hujusmodi
727 2537 998 2592 enchiridio,
1035 2535 1105 2581 vel
1138 2537 1236 2581 viva
1267 2552 1378 2582 voce
1411 2536 1609 2596 magistri

204 2604 396 2666 intelligi
449 2621 541 2650 non
597 2606 727 2663 posse.
797 2607 1019 2664 Magnum
1076 2613 1223 2648 autem
1283 2605 1402 2668 hunc
1445 2607 1607 2655 virum,

203 2674 359 2736 utique
385 2689 550 2734 magna
583 2688 690 2720 cura
716 2674 762 2720 id
781 2672 999 2732 praestare
1022 2669 1238 2724 studuisse3
1270 2681 1474 2737 utquam
1502 2687 1609 2785 pig-1-

1496 2755 1538 2786 ci
1571 2757 1606 2785 1-

1650 2632 1731 2701 —i
