1731 3026
62 217 240 271 eiffimis
275 218 421 267 verbis
464 216 737 266 charasteres
765 232 918 264 rerum
947 213 1218 262 naturalium
1250 214 1468 273 exprime-

62 296 176 345 ret,
213 289 417 352 ideoque
451 286 678 334 vocabulis
719 288 846 332 usum
889 285 1036 340 fuisse,
1092 281 1252 346 quibus
1294 284 1468 340 semper

63 355 409 420 constanterque
468 359 660 402 eundem
713 355 884 402 sensum
923 351 1121 400 tribuere
1161 351 1316 396 solitus
1356 359 1465 398 erat.

62 425 226 471 Latino
256 439 366 471 vero
382 424 496 475 ,usus
527 423 588 470 est
612 425 840 480 sermone,
884 431 934 467 ut
953 419 1007 467 ab
1033 420 1155 466 omni
1185 421 1366 495 Europa
1400 419 1466 463 in-

63 490 368 551 telligeretut3
435 503 684 550 praeterea
699 494 821 537 hisce
853 487 1082 538 vocabulis
1120 489 1339 540 connexis
1373 501 1466 531 non

61 558 226 618 castae,
258 557 463 616 pulcrae,
501 559 808 620 elegantisque
831 558 1082 603 Latinitatis
1101 556 1339 614 specimina
1359 556 1466 599 dare

58 625 139 673 fibi
159 627 478 686 proposuerat,
514 642 668 673 verum
695 627 737 671 id
761 627 863 671 satis
885 624 1062 680 habuit,
1100 625 1348 668 dummodo
1369 620 1466 667 bre-

58 693 123 740 vis
152 693 256 744 esset
287 703 331 740 et
359 691 414 740 ab
453 692 660 740 omnibns
689 693 1030 752 intelligeretur.
1101 690 1172 736 llli
1194 692 1353 750 igitur,
1389 689 1469 752 qui

57 761 330 808 immortalis
354 762 454 807 Viri
477 761 669 821 vestigiis
690 761 911 817 insistunt,
948 761 1104 822 utique
1129 762 1233 804 dum
1258 759 1466 803 scientiae

56 830 294 887 pomoeria
313 830 517 890 proferre
542 831 750 889 cupiunt,
787 832 841 875 ad
861 830 905 874 id
926 830 1155 874 attendere
1178 826 1466 872 necessarium

58 894 310 954 habebunt,
347 897 418 943 ut
453 899 607 944 eadem
643 900 883 953 methodo,
957 898 1206 958 iisdemque
1234 892 1466 939 vocabulis

57 963 267 1014 adhibitis
297 966 400 1012 eum
427 976 645 1029 quantum
668 966 765 1011 fieri
789 966 915 1021 licet,
943 967 1193 1028 sequantur
1243 964 1301 1007 Et
1325 977 1466 1025 quum

59 1034 107 1081 in
127 1035 212 1081 hac
240 1034 505 1080 eruditionis
540 1044 688 1092 parte,
726 1036 928 1098 quotidie
959 1048 1072 1079 nova
1104 1032 1150 1076 in
1182 1029 1330 1076 lucem
1365 1044 1467 1088 pro

56 1101 284 1159 ferantur,
321 1117 436 1165 quae
478 1104 693 1148 Romanis
731 1117 963 1165 nunquam
998 1101 1148 1146 videre
1200 1097 1466 1157 contigerat,

57 1184 265 1233 quaeque
286 1184 344 1215 ne
363 1170 592 1216 auditione
617 1172 798 1234 quidem
821 1179 1053 1229 comperta
1077 1167 1350 1223 habuerant,
1386 1166 1468 1210 uti-

57 1253 145 1301 que
174 1239 230 1284 de
250 1238 377 1284 novis
402 1234 538 1284 rebus
562 1254 675 1285 nova
696 1236 913 1285 vocabula
931 1238 1031 1283 sunt
1054 1235 1323 1290 adhibenda,
1358 1249 1468 1296 quo-

56 1321 160 1351 rum
189 1321 352 1365 magna
382 1321 483 1364 pars
521 1310 641 1366 apud
666 1306 810 1353 bonos
843 1306 1096 1353 Latinitatis
1120 1301 1323 1350 auglores
1356 1317 1468 1347 nun-

56 1389 194 1435 quan]
217 1374 404 1432 reperiri
428 1377 602 1433 potuit,
638 1390 842 1439 quaeque
876 1375 1114 1421 necessario
1145 1371 1287 1417 aliena
1321 1380 1363 1415 et
1394 1386 1466 1428 pe-

54 1443 236 1500 regrina
267 1442 298 1487 i.
321 1458 356 1487 e.
386 1440 574 1487 barbara
603 1445 685 1488 esse
719 1441 864 1488 debet.
937 1442 1086 1503 Aequi
1106 1440 1310 1501 Judices
1332 1436 1465 1484 facile

53 1509 145 1571 jam
181 1524 238 1553 ex
267 1509 321 1553 iis
345 1511 645 1567 argumentiS,
679 1525 793 1571 quae
822 1505 1033 1554 hastenus
1070 1505 1262 1564 protuli,
1299 1520 1464 1582 magno

54 1575 395 1638 immortalique
429 1577 568 1632 Viro,
610 1578 842 1627 CAnoLo
879 1594 903 1621 A
939 1578 1138 1620 LINNE
1176 1577 1314 1631 patri,
1353 1573 1466 1631 opti·

52 1659 128 1691 me
152 1645 206 1690 de
237 1643 421 1688 historia
449 1643 642 1689 naturali
672 1646 861 1700 merito,
906 1643 1000 1706 ejus
1036 1640 1258 1699 discipulis
1292 1649 1336 1687 et
1367 1641 1464 1686 aliis

51 1721 284 1772 praeterea
328 1710 701 1770 praecellentibus
734 1713 878 1768 Viris,
945 1711 1024 1774 qui
1065 1711 1113 1755 in
1146 1708 1289 1754 studio
1334 1707 1465 1754 histo·

51 1781 146 1828 riae
181 1779 396 1827 naturalis
427 1779 605 1839 vestigia
639 1781 732 1843 ejus
766 1780 1033 1842 sequuntur,
1089 1778 1281 1839 denique
1314 1786 1357 1821 et
1382 1778 1464 1822 mi-

50 1849 98 1895 hi
135 1849 179 1894 id
213 1846 557 1903 condonabunt,
594 1851 715 1911 quod
748 1849 895 1893 minus
927 1845 1040 1893 bene
1073 1846 1242 1891 Latinis
1274 1843 1465 1890 vocabu-

50 1914 105 1962 lis
128 1916 176 1961 in
199 1914 614 1968 adumbrationibus
636 1916 845 1962 historiae
877 1913 1091 1961 naturalis
1116 1914 1206 1969 uti,
1240 1912 1462 1959 necessum

53 1981 360 2032 habuerimus.
754 2020 757 2023 .

107 2097 110 2104 ,
186 2053 246 2095 Iis
277 2052 355 2113 qui
382 2052 530 2098 Latini
561 2052 780 2098 sermonis
805 2052 933 2098 usum
970 2051 1016 2095 in
1040 2051 1123 2095 hac
1146 2047 1462 2102 scriptiuncula

52 2116 335 2187 improbant,
382 2117 543 2182 quibus
575 2120 638 2165 nil
669 2121 836 2178 placet,
880 2134 1014 2184 quam
1040 2119 1106 2173 id,
1159 2119 1279 2180 quod
1313 2118 1459 2175 patrio

50 2188 261 2233 se'rmone
283 2185 345 2232 est
369 2187 605 2245 scriptum3
643 2190 747 2251 quia
777 2189 917 2244 sorte,
955 2186 985 2232 si
1017 2187 1115 2232 Diis
1144 2186 1314 2243 placet,
1355 2187 1461 2230 Mu-

51 2256 116 2304 sas
147 2254 307 2300 latinas
336 2270 418 2300 nec
455 2269 480 2300 a
514 2253 669 2308 limine
705 2257 884 2319 quidem
923 2255 1190 2302 salutarunt3
1237 2251 1308 2298 vel
1339 2254 1461 2315 qnod

50 2322 171 2370 male
191 2318 276 2369 affl
299 2323 515 2381 temporis
538 2324 585 2369 in
604 2325 775 2370 Scholis
797 2322 875 2370 fibi
909 2326 1097 2377 conscii,
1134 2336 1255 2366 nunc
1286 2321 1461 2366 excusa-

51 2391 224 2437 tionem
268 2388 456 2436 desidiae
502 2399 547 2436 et
588 2393 734 2451 ignavi
740 2407 790 2437 ae
831 2393 930 2439 suae
961 2396 1005 2438 id
1036 2391 1118 2438 esse
1161 2390 1371 2445 credunt,
1426 2387 1458 2434 fi

51 2460 205 2519 omnia
236 2473 352 2521 quae
375 2474 565 2518 graeco,
595 2459 793 2506 latinove
816 2461 1020 2506 sermone
1057 2459 1218 2515 scripta
1253 2456 1364 2509 sunt,
1399 2472 1456 2502 an

51 2541 137 2587 gue
172 2525 349 2585 pesteve
384 2528 533 2585 magis
564 2528 740 2588 fugiant
784 2538 828 2574 et
865 2531 1143 2576 aversentur:
1208 2525 1260 2568 iis
1293 2539 1455 2569 accura

50 2595 142 2642 tius
173 2595 418 2657 quidquam
443 2610 686 2653 reponere
723 2598 796 2642 vix
820 2613 983 2655 operae
1002 2614 1054 2655 pr
1034 2599 1197 2643 etium
1220 2592 1301 2637 esse
1323 2594 1453 2638 duco.

49 2663 209 2745 Magni
230 2670 275 2708 et
299 2661 566 2709 immortalis
588 2666 626 2709 L
640 2682 657 2709 1
671 2683 784 2712 nna
800 2683 821 2710 n
837 2682 854 2709 1
885 2666 1065 2725 scripta,
1099 2659 1152 2711 ab
1174 2676 1227 2707 eo
1251 2660 1454 2706 consulto

1408 2737 1452 2775 et
