1731 3026
555 112 930 187 ’ψ’
1383 161 1447 211 75

184 273 275 316 alins
306 272 469 328 provida
514 281 651 316 natura
683 273 847 316 nimiam
887 272 1091 327 geniturae
1126 275 1381 328 quantitatem
1414 278 1457 320 in

185 341 363 384 masculis
403 342 652 396 procreasset3
711 341 875 382 minime
917 341 1161 382 admittendo
1207 357 1458 398 argumento,

185 423 310 465 quum
331 409 529 451 videamus
548 408 647 451 nihil
666 409 993 464 supervacaneum
1015 409 1056 450 in
1079 417 1213 452 natura
1237 413 1322 457 effe,

321 480 515 519 Praeterea
537 468 719 531 genitura
751 477 971 518 salmonum
1002 477 1120 519 mixta
1140 491 1232 520 cum
1252 480 1379 522 ovulis
1411 497 1459 524 ex

185 553 321 588 ventre
333 546 510 600 expreffis
532 545 573 586 in
594 545 714 594 fitula,
730 553 769 586 et
789 545 882 587 inde
902 544 1070 598 piscinae
1090 545 1266 596 iuimiffa,
1285 543 1459 602 procrea-

185 613 244 654 vit
278 612 539 654 salmuncuios
569 613 781 667 perfefios;
817 612 858 653 id
891 612 1002 654 restat
1034 624 1079 654 ut
1100 614 1281 668 genitura
1314 616 1459 670 separa·

187 681 282 735 tim,
312 681 428 722 ovula
450 679 649 733 separatim
674 679 715 720 in
739 679 893 721 diverfis
920 680 1076 733 piscinis
1097 693 1347 736 reponantur,
1372 697 1410 726 et
1431 685 1460 726 fi

187 760 282 789 tunc
307 748 404 789 nulli
427 747 607 789 oriuntur
627 746 826 802 pisciculi,
846 759 950 790 certo
974 748 1236 792 fundamento
1258 752 1371 793 stabit
1390 769 1462 807 po·
1545 777 1548 782 ,

186 815 321 856 sterior
348 814 551 857 sententia.

154 907 187 946 1.
219 907 265 946 N
278 908 318 946 U
329 909 356 947 P
369 908 406 946 T
418 907 436 946 1
449 909 486 946 A
499 908 529 946 E
545 935 555 956 ,
575 904 634 947 uti
659 904 812 947 videtur
830 901 1077 966 promiftuae
1088 940 1100 957 ,
1122 907 1460 954 indiscriminatim

255 973 435 1027 pluribus
456 974 628 1015 maribus
644 973 896 1027 sequentibus
913 975 1086 1016 natando
1104 975 1268 1019 feminas
1281 980 1424 1032 plures.

135 1062 185 1107 Π.
225 1063 683 1106 NIDIFICATIO.

189 1154 228 1185 a.
261 1139 409 1191 Certa,
446 1139 557 1184 Com·
587 1136 727 1190 Gobii,
773 1138 816 1182 in
842 1140 970 1183 fundo
1001 1125 1192 1198 glareoso.

188 1216 231 1264 b.
268 1219 413 1282 Vaga,
447 1220 489 1261 in
515 1235 654 1274 arena,
687 1220 807 1273 saxis,
840 1222 981 1276 plantis
1012 1222 1127 1264 fundi
1158 1223 1273 1268 maris
1293 1233 1331 1266 et
1352 1240 1465 1281 aqua·

325 1303 414 1330 rum
437 1288 629 1341 dulcium.

64 1423 69 1426 ,
121 1375 194 1421 ΙΙΙ.
225 1379 496 1422 FOETUS.

191 1470 232 1502 a.
268 1457 426 1507 Vivus,
456 1458 670 1512 procinetus
698 1458 748 1498 ab
781 1458 970 1513 Anguilla
1007 1467 1045 1500 et
1078 1460 1243 1502 Biennio
1277 1460 1465 1516 viviparo,

327 1527 440 1574 Raja,
474 1527 645 1578 Squalo,
679 1525 911 1577 Chimaera,
946 1528 1178 1580 S‘ygnatho,
1213 1529 1309 1574 aliis.

194 1597 241 1649 b.
279 1600 434 1652 Ovula,
470 1603 560 1644 dein
585 1603 771 1657 temperie
794 1618 915 1656 aquae
936 1606 1191 1653 excludenda,

327 1681 512 1724 Numero
541 1682 693 1734 prorsus
726 1682 942 1734 stupendo,
969 1684 1154 1735 exemplis
1180 1686 1280 1726 Gadi
1299 1688 1464 1729 Moruae

400 1751 676 1803 3,686„760.
698 1749 1086 1803 CypriniCarpionis
1102 1761 1211 1801 203,
1232 1766 1334 1810 ¹09·
1357 1758 1466 1797 Pleu.

394 1816 562 1858 roneffis
587 1816 683 1858 Flefi
710 1829 869 1875 12357‘
886 1830 996 1870 400.
1026 1825 1100 1865 etc,
1154 1821 1245 1869 Asi,
1274 1825 1396 1878 Angl,
1432 1838 1467 1867 a,

398 1887 544 1938 1767.

329 1961 500 2021 Colore,
532 1965 766 2019 plerumque
788 1964 918 2014 luteo,
951 1966 1012 2006 vel
1030 1964 1208 2016 testaceo,

57 2075 102 2119 B.
135 2075 417 2121 VICTUS.

128 2166 162 2209 1.
199 2165 588 2208 CARNIVORI
624 2179 696 2208 εἰ·
730 2164 1094 2210 ZOOPHAGI.

199 2268 242 2303 a.
274 2251 482 2299 Animalia
516 2265 684 2298 mortua
708 2265 748 2298 et
772 2253 999 2299 Cadavera.
1023 2263 1025 2265 ’

333 2324 550 2363 Muraenae
583 2333 620 2364 et
642 2326 950 2378 Petromyzones
981 2331 1020 2364 et
1041 2321 1105 2364 alii
1129 2323 1264 2379 pisces,

197 2408 243 2458 b.
269 2409 477 2456 Animalia
497 2412 608 2457 viva.

267 2504 309 2534 a.
345 2490 566 2541 Homines,
594 2506 614 2531 a
638 2489 791 2544 Squalis
826 2500 864 2533 et
885 2491 998 2543 Rajis.

266 2564 306 2614 b.
339 2571 496 2615 Avium
538 2579 578 2613 et
613 2569 823 2627 imprimis
862 2565 1061 2632 Anserum
1098 2569 1209 2616 Pulli
1249 2586 1270 2614 a
1307 2571 1470 2626 Squalis,

402 2637 533 2681 Luciis
555 2648 626 2679 etc.

1271 2721 1306 2751 c.
1331 2701 1473 2768 Pisces,
