1731 3026
271 187 334 234 68

827 169 1114 216 ψ

462 319 526 364 49
537 318 578 359 S·
616 301 700 368 0ffi¹
723 302 972 350 Maxillaria
995 316 1036 347 2.
1056 300 1255 357 superiore
1275 301 1387 359 saepe
1418 303 1642 351 deficiente.
1697 281 1705 287 ⁸

467 378 579 430 496.
616 370 701 435 Offiz
729 372 863 417 Palati
888 386 928 415 2.
963 375 1134 426 (200).

467 454 579 497 497.
614 441 813 498 Opercula
842 452 884 483 2.
909 439 1145 480 branchialia
1166 437 1290 492 (244
1315 460 1391 471 —-
1406 443 1539 493 273.)

466 516 578 566 498.
614 509 668 552 Os
697 507 926 566 Hyoideum
964 507 1066 548 inter
1112 520 1222 546 crura
1267 504 1443 547 maxillae
1471 506 1678 558 inferioris,

670 589 743 628 pro
776 574 1020 615 sustentanda
1043 574 1192 627 lingua.

613 638 698 704 Offiz
726 642 914 694 auditus,
954 655 1202 696 nequaquam
1228 639 1364 684 dubia.

405 728 442 781 b.
479 734 515 774 O
530 746 549 775 s
566 746 585 775 s
600 746 626 773 A
664 734 703 772 Τ
716 746 745 773 u
759 745 785 774 o
800 746 828 773 R
843 746 866 773 A
880 745 907 774 c
923 745 940 773 1
956 745 975 773 s
991 761 1002 780 ,
1034 745 1193 784 parvam
1213 731 1418 772 cavitatem
1439 730 1681 784 claudentia,

679 799 849 852 ideoque
873 813 1008 852 pauca.

478 880 589 924 499.
626 864 882 922 (naviculae,
916 865 1005 906 sunt
1024 867 1182 907 officula
1205 865 1366 914 falcata,
1400 881 1506 921 pone
1531 876 1684 919 apertu·

679 949 760 976 ram
783 934 1044 975 branchialem
1064 934 1129 974 fita
1143 964 1153 982 ,
1187 932 1297 987 supra
1318 933 1464 987 primae
1487 927 1683 974 vertebrae

679 1002 844 1053 adnata,
881 1000 981 1042 infra
1003 1000 1103 1042 inter
1125 1016 1236 1042 crura
1267 1003 1351 1041 offis
1371 1001 1534 1055 liyoidei
1556 1002 1683 1046 unita.

680 1069 928 1120 (Sustentant
981 1068 1148 1122 pinnam
1199 1071 1411 1110 ventralem
1465 1069 1506 1110 in
1547 1069 1685 1131 Jugu-

680 1132 873 1195 laribus.)

482 1216 591 1257 500.
625 1203 848 1252 Sternum,
883 1216 927 1243 os
961 1202 1222 1257 triangulare,
1254 1205 1314 1244 vel
1348 1202 1590 1257 sagittatum,
1625 1205 1685 1246 vel

682 1270 1015 1319 rhomboideum,
1051 1270 1233 1311 claudens
1255 1271 1473 1311 Thoracem
1508 1271 1607 1311 infra
1638 1271 1686 1311 fi.-

683 1348 769 1381 tum
790 1339 892 1378 inter
914 1338 1144 1386 claviculas,
1179 1335 1385 1396 (sustentat
1406 1338 1569 1392 pinnam
1597 1353 1687 1380 ven·

603 1425 606 1427 ·
682 1408 814 1448 tralem
847 1404 888 1446 in
921 1401 1192 1464 Thoracicis.)

479 1487 596 1528 501.
628 1471 844 1530 Scapulae,
881 1473 958 1513 offa
982 1483 1135 1514 arcuata
1154 1472 1455 1522 rhomboidalia,
1480 1473 1521 1514 in
1535 1475 1684 1528 angulo
1725 1518 1728 1526 ‚

682 1542 783 1582 inter
806 1540 976 1580 sternum
997 1547 1036 1580 et
1055 1541 1256 1581 claviculas
1276 1540 1363 1590 lita,
1395 1549 1434 1580 et
1454 1544 1686 1594 plerumque

685 1609 825 1662 pinnas
846 1608 1055 1661 pectorales
1076 1607 1298 1661 sustentant,
1317 1622 1444 1648 unum
1469 1609 1687 1662 utrimque.

492 1690 599 1730 502.
635 1677 674 1720 V
674 1671 861 1719 crtebrac
895 1675 1160 1727 Thoracicae,
1201 1689 1289 1727 pars
1318 1677 1525 1716 columnae
1561 1676 1684 1717 osseae

687 1740 951 1801 (articulatae,
984 1741 1078 1782 serie
1097 1741 1376 1795 longitudinali
1405 1743 1627 1797 dispositae,
1661 1758 1685 1787 n

685 1810 809 1864 capite
845 1810 891 1850 ad
922 1809 1205 1850 extremitatem
1252 1805 1416 1869 caudae)
1454 1810 1616 1852 vestiens
1645 1821 1685 1853 et

685 1878 899 1919 sustentans
927 1877 1116 1918 Thoracis
1147 1890 1308 1927 cavum3
1355 1891 1500 1930 paucae
1529 1879 1618 1920 sunt
1634 1888 1684 1930 set

682 1944 945 1999 apophyfibus
967 1945 1192 1985 brevissimis
1213 1944 1438 1998 instructae,
1472 1947 1684 1989 medullam

686 2013 871 2066 spinalem
893 2012 1085 2053 foramine
1105 2005 1314 2073 recipiunt.

415 2119 451 2151 c.
485 2107 555 2147 Os
573 2103 632 2146 s'a
668 2107 705 2144 A
720 2119 740 2144 B
758 2117 784 2146 n
801 2115 828 2145 o
847 2117 882 2145 M
898 2116 916 2143 1
934 2116 967 2143 N
984 2116 1002 2143 1
1018 2115 1037 2144 s
1050 2133 1064 2153 ,
1110 2104 1299 2151 majorem
1338 2101 1542 2145 cavitatem
1583 2105 1683 2146 clau-

685 2171 836 2219 dentia,
864 2171 1008 2210 ossibus
1029 2170 1196 2211 thoracis
1215 2171 1498 2215 numerofiora.

487 2252 547 2293 50
554 2251 594 2293 3.
633 2234 854 2284 Verte-brae
884 2232 1141 2286 Abdominh,
1175 2252 1262 2291 pars
1305 2240 1514 2280 columnae
1558 2239 1681 2282 osseae¹

684 2305 735 2364 (5
744 2305 847 2364 02.)
869 2305 1030 2346 vestiens
1051 2316 1090 2346 et
1110 2305 1324 2347 sustentans
1344 2321 1480 2347 cavum
1505 2306 1684 2348 abdomi-

684 2373 758 2415 nis.
798 2373 1077 2426 Apophylibus
1099 2373 1346 2428 longioribus
1366 2373 1582 2424 instructae,
1605 2389 1683 2416 mc·
1719 2362 1731 2422 ξ

683 2441 826 2482 dullum
846 2441 1034 2494 spinalem
1056 2442 1249 2482 foramine
1266 2440 1508 2494 recipientes.

682 2591 796 2625 rnen,
829 2575 966 2618 inserta
988 2576 1250 2630 apophysibus
1270 2577 1533 2618 vertebrarum
1557 2579 1680 2620 abdo-

658 2700 663 2708 (
680 2642 808 2689 minis.
829 2640 933 2703 (Ubi
945 2644 1083 2686 desunt
1093 2642 1320 2699 apophyse8‚
1333 2643 1421 2688 sunt
1431 2642 1678 2705 elongatae.)
1709 2658 1713 2682 ῑ

1559 2734 1701 2794 εοςξ,

1707 2879 1729 3026 :sai-&vx
1714 2816 1729 2833 -,
1727 2781 1729 2787 .
1712 2508 1731 2738 *tamna-22·-

486 2519 594 2561 504,
629 2506 774 2568 Costae,
797 2510 873 2550 offa
897 2517 1063 2564 arcuata,
1086 2509 1284 2563 cingentia
1308 2508 1547 2550 transverfim
1562 2495 1683 2552 abdo·
1712 2470 1731 2558 ἰ
