1731 3026
673 5 719 36 'k‘

792 55 834 108 ,ὼ

831 110 1118 156 ψ

279 251 324 291 et
348 238 406 289 ob
427 239 692 290 brevitatem
712 242 758 289 in
783 247 908 289 tanto
928 258 1064 303 opere
1085 242 1392 299 necessariam,
1400 232 1403 235 ’
1421 251 1466 290 et
1486 236 1607 308 quod
1629 244 1677 290 in'

279 314 570 358 commodum
602 313 742 357 totius
763 310 946 356 litterati
981 310 1101 358 orbis
1132 309 1322 357 scribere
1345 309 1496 367 vellet,
1533 311 1676 357 latino
1707 310 1713 311 ’

278 381 481 427 sermone
509 380 609 428 sunt
629 388 874 437 concepta3
904 381 1062 425 eodem
1086 389 1130 424 et
1132 394 1233 445 ego
1253 393 1304 424 ea
1326 393 1440 441 quae
1459 380 1595 436 patris
1615 380 1682 425 hi·

275 447 436 494 storiae
463 446 674 492 naturalis
698 445 907 504 operibus
932 447 1130 492 addenda
1155 447 1317 501 censui,
1341 444 1595 504 conscripsi:
1618 448 1683 492 id-

279 530 426 578 eoque
448 524 491 560 et
512 516 642 560 hasce
664 512 854 571 opellas‚
887 528 1001 577 quae
1031 516 1083 559 ad
1107 529 1242 572 opera
1274 514 1458 559 Linnaei
1485 521 1531 558 et
1562 511 1685 559 disci-

276 581 664 641 pulorummelius
685 580 914 627 faciliusve
929 581 1214 641 intelligenda
1238 579 1482 640 plurimum
1497 582 1682 636 faciunt,

278 650 427 696 latinis
451 648 595 695 verbis
618 650 887 696 concinnare
909 648 1056 696 debui.
1091 674 1158 682 —
1192 650 1236 694 Si
1257 650 1394 708 igitur
1416 651 1485 704 hi,
1523 647 1684 711 quibus

277 719 389 764 haec
407 716 556 770 sslatina
581 718 827 763 enchiridia
855 717 1112 774 displicent,
1149 715 1222 762 vel
1251 731 1410 774 parum
1442 717 1684 774 patientiae

278 784 507 848 reliquum
548 783 808 831 habuerint:
856 785 1007 843 paucis
1048 782 1268 829 mensibus
1301 782 1478 842 elapsis,
1536 785 1684 843 patrio

276 853 484 900 sermone
515 854 624 899 haec
657 853 899 898 enchiridia
930 850 1144 898 videbunt
1180 852 1433 910 proditura:
1478 852 1688 910 pertinax

280 921 403 967 enim
435 919 573 967 nostri
605 922 704 967 aevi
725 922 981 976 caco'e‘thes,
1013 921 1163 965 onmia
1187 919 1326 965 latino
1355 918 1426 964 vel
1455 918 1544 965 alio
1575 934 1687 983 quo-

278 1002 457 1051 cunque
481 988 686 1034 sermone
711 989 976 1033 concinnata
997 990 1156 1046 scripta
1177 989 1223 1033 in
1251 988 1440 1046 patriam
1463 988 1687 1033 transfum

279 1056 415 1102 dendi
447 1056 670 1116 linguam,
699 1056 797 1101 fieri
820 1072 912 1102 non
938 1055 1072 1111 sinet,
1111 1063 1202 1132 quo
1223 1055 1372 1100 minus
1395 1056 1439 1100 in
1470 1056 1580 1100 haec
1613 1070 1688 1100 en-

236 1157 238 1160 >
277 1123 464 1170 chiridia
484 1132 653 1170 temere
676 1139 859 1187 quoque
886 1138 1044 1170 manus
1066 1123 1267 1186 injiciant
1295 1124 1350 1180 ii,
1386 1123 1465 1193 qui
1488 1123 1536 1169 in
1567 1134 1688 1195 erga·-

276 1190 401 1238 stulis
423 1189 774 1250 bibliopolarum
803 1190 1028 1239 desubant.

258 1276 261 1284 ¹
413 1257 672 1305 Monebunt
696 1260 815 1305 torte
853 1258 951 1315 alii,
989 1258 1081 1305 Cel.
1115 1261 1259 1306 Fam·
1272 1275 1330 1303 1c
1347 1273 1456 1304 tuM
1490 1258 1581 1322 jam
1615 1260 1690 1303 de·

279 1328 382 1373 disse
400 1321 678 1388 philosbphiam
699 1326 1057 1389 cntomologicam,
1079 1327 1276 1403 ideoque
1301 1329 1390 1371 hoc
1413 1342 1549 1389 opere
1573 1327 1688 1371 hano

278 1395 476 1442 nostram
501 1393 711 1453 opellam,
724 1409 841 1460 quae
867 1396 921 1440 de
946 1392 1119 1440 Infestis
1144 1395 1249 1453 agit,
1274 1391 1421 1439 minus
1442 1394 1526 1441 esse
1544 1395 1687 1440 reddi-

279 1471 374 1509 tam
395 1462 694 1508 necessariam.
766 1463 975 1507 Verum
964 1463 997 1507 ιί
1023 1463 1101 1524 qui
1127 1477 1225 1507 rem
1258 1463 1470 1509 curatiusv
1490 1463 1688 1521 inspexe-

279 1533 396 1586 rint,
431 1528 564 1576 facile
595 1528 877 1588 intelligent,
919 1527 1178 1575 Fabricium
1207 1526 1360 1574 religia
1393 1531 1608 1574 methodo
1642 1538 1687 1576 et

279 1597 515 1661 systemate
538 1598 697 1655 Magni
717 1599 829 1643 Lm
844 1614 912 1642 NA
928 1610 982 1641 n
1003 1612 1180 1642 novam
1202 1594 1280 1642 fibi
1309 1597 1429 1642 viam
1459 1597 1688 1654 aperuisse,

281 1666 477 1729 ideoque
500 1662 594 1727 ejus
619 1663 880 1723 opusculum
904 1665 1051 1709 minus
1071 1663 1163 1710 illis
1181 1664 1393 1726 inservire
1421 1665 1563 1723 posse,
1609 1665 1689 1727 qui

280 1732 426 1780 solum
458 1735 527 1778 L1
542 1749 694 1778 nme
709 1749 734 1776 υ
751 1749 787 1776 M
811 1729 886 1776 fibi
910 1734 1067 1777 ducem
1091 1731 1286 1791 eligunt3
1321 1732 1390 1778 his
1411 1733 1563 1795 itaque
1586 1747 1688 1781 mea

263 1800 431 1860 ‚opella
450 1801 665 1859 proderit.
731 1801 916 1845 Amicus
945 1814 1071 1845 meus
1097 1800 1305 1845 summus'
1331 1802 1402 1845 FA
1417 1818 1437 1845 n
1452 1819 1478 1846 a
1493 1817 1511 1845 1
1524 1816 1550 1844 c
1565 1815 1583 1844 1
1596 1818 1623 1844 υ
1640 1816 1687 1856 s,

280 1869 402 1915 idem
422 1882 601 1914 mecum
626 1867 801 1923 sentiet,
835 1876 881 1913 et
906 1878 954 1912 ut
984 1868 1119 1913 Viros
1140 1865 1287 1912 bonos
1317 1875 1361 1912 et
1389 1883 1492 1913 vere
1522 1867 1690 1913 littera-

281 1945 377 1993 tos,
411 1933 760 1998 liberalibusque
793 1936 1012 1980 enutritos
1039 1933 1207 1980 artibus
1243 1936 1392 1991 decet,
1447 1932 1690 1981 leROribus

280 2004 515 2063 permittet
551 2005 604 2048 de
635 2003 829 2063 utilitate
865 2004 1208 2065 commodisque
1248 2001 1511 2049 nostrorum
1552 2001 1689 2049 libro·

283 2086 385 2118 rum
416 2072 641 2134 judicare,
701 2072 777 2134 qui
811 2072 968 2134 utique
997 2069 1061 2115 nil
1104 2085 1347 2116 commune
1379 2070 1451 2116 vel
1481 2069 1706 2131 alterutri-

282 2142 603 2198 ‹lerogaturum
639 2139 894 2192 continent,
948 2153 1104 2184 verum
1151 2147 1343 2200 uterque
1384 2139 1429 2184 in
1461 2136 1705 2197 publicam*

282 2206 525 2253 utilitatem
548 2207 649 2252 sunt
673 2205 921 2265 compositi.
993 2205 1153 2251 Valete
1173 2207 1219 2251 B.
1246 2208 1295 2251 L.
1321 2214 1366 2251 et
1392 2213 1442 2252 ut
1467 2205 1689 2284 coepistis,

282 2285 470 2320 conatus
491 2290 618 2321 meos
640 2273 844 2333 publicae
865 2273 1048 2320 utilitati
1075 2274 1361 2330 inserviendi,
1398 2275 1551 2336 aequis
1573 2273 1691 2320 exci
1695 2268 1704 2272 ”

283 2343 376 2400 pite
400 2340 638 2388 mentibus
707 2340 883 2389 Dabam
912 2341 1060 2388 Halae
1093 2343 1148 2388 ad
1179 2339 1325 2388 Salam
1359 2341 1400 2389 d.
1423 2343 1520 2389 XV
1551 2339 1692 2390 Febr.

283 2410 735 2458 MDCCLXXXVIII.

1506 2749 1601 2795 FU
1617 2750 1691 2796 N-
