1731 3026
199 522 261 571 et
288 524 547 568 nummos
583 506 993 580 nanciscantur,
1033 512 1191 564 et‘ut
1227 507 1412 566 bonos
1442 508 1605 565 viros

199 610 551 687 opprimant,
593 607 691 685 qui
741 605 1047 682 impotenti
1095 621 1269 682 regno
1314 623 1604 668 novorum

197 686 488 766 hominum
527 721 729 781 magno
763 704 950 761 animo
977 702 1258 778 resistunt,
1299 713 1359 763 et
1394 721 1521 780 prox
1544 723 1603 765 re

199 806 451 882 publica,
496 799 728 860 virtutis
756 802 913 858 cultu
944 810 1003 858 et
1025 803 1367 879 optimarum
1394 802 1605 861 littera·

199 921 322 961 rum
363 901 632 961 severiori
687 898 865 958 studio
904 899 1346 978 pro-movendiS,
1403 918 1605 964 omnes

199 1001 497 1067 intendunt
533 1001 782 1058 lacertos.

341 1177 634 1255 Postquam
659 1176 771 1234 vix
793 1175 993 1251 primas
1017 1192 1228 1247 voceS,
1264 1192 1405 1252 quae
1426 1175 1604 1234 infan-
1698 1245 1699 1248 Ἴ

200 1286 288 1335 tes
313 1275 515 1334 discere
536 1274 748 1345 solent,
786 1273 1078 1330 enunciare
1109 1270 1407 1346 didicisses,
1450 1273 1606 1342 illico

198 1375 397 1444 innato
450 1374 665 1449 impetu
714 1371 1046 1429 curiositatis
1095 1370 1387 1446 impulsuS,
1431 1372 1606 1449 prima

199 1482 426 1531 naturae
466 1488 574 1528 nos
617 1470 907 1528 ambientis
956 1467 1170 1543 objetta
1225 1466 1375 1526 noffe
1417 1471 1607 1546 cupie-

199 1573 326 1644 bas,
377 1569 506 1627 ideo
537 1568 763 1626 nomina
799 1566 1033 1638 florum,
1081 1565 1301 1637 avium,
1355 1565 1607 1644 piscium,

200 1666 532 1726 infinitorum
551 1664 713 1722 TIBI
745 1664 949 1736 obvia,
995 1683 1026 1720 a
1055 1661 1380 1721 me'curiose
1407 1668 1608 1742 exqui-

152 1746 161 1762 ’
201 1763 349 1837 fere,
389 1773 668 1840 praeterea
714 1761 782 1819 de
827 1760 944 1819 esca
986 1760 1334 1834 animalium,
1391 1762 1459 1819 de
1507 1762 1606 1824 usu

203 1878 384 1919 rerum
414 1860 706 1917 obviatum
747 1858 1175 1936 quaestiunculas
1214 1858 1351 1916 mihi
1392 1876 1608 1936 propo-

204 1974 334 2016 nere
365 1956 605 2032 solebas3
648 1957 846 2035 quibus
883 1965 1006 2014 tum
1051 1957 1322 2033 temporis
1352 1957 1485 2033 quid
1523 1976 1632 2016 re-.

202 2073 472 2132 ponerem
501 2053 821 2113 nesciebam.
900 2054 989 2113 Ne
1013 2054 1190 2132 igitur
1235 2054 1369 2111 haec
1418 2074 1448 2112 a
1487 2056 1607 2114 Nu·
1690 2088 1691 2092 =

205 2153 354 2212 mine
395 2171 514 2212 non
552 2152 741 2211 frustra
777 2152 1030 2211 humanis
1057 2152 1252 2210 animis
1292 2155 1607 2214 contributa

206 2251 493 2310 curiofitas
515 2252 722 2328 periret
755 2252 812 2308 in
837 2250 1073 2308 aetatula
1102 2248 1289 2323 TUA,
1328 2250 1479 2309 illico
1509 2262 1604 2328 pe·

203 2349 302 2408 des
353 2342 732 2426 propinquum
776 2345 1064 2406 Gedanum
1118 2347 1288 2423 petii,
1351 2365 1406 2403 et
1449 2359 1606 2408 emto

202 2446 521 2507 Linnaeano
570 2443 897 2523 Systemate,
956 2444 1220 2502 editionis
1263 2444 1626 2524 undecimae,-

199 2553 260 2603 et
286 2543 560 2622 Ludwigii
600 2542 1064 2619 Definitionibus-U,
1092 2557 1351 2619 generum
1393 2543 1606 2619 planta-

1458 2659 1601 2718 rum,
